4917 6309
730 730 827 821 libe
851 732 989 821 little
1014 732 1113 824 tito
1138 736 1267 827 doct
1292 738 1343 829 ot
1372 740 1560 833 linotet
1824 772 1897 847 207

392 940 649 1031 imperpetuum
686 944 780 1029 quod
821 946 908 1013 villa
948 946 1107 1033 predicta
1146 960 1183 1017 et
1221 954 1390 1021 suburbia
1429 956 1586 1041 ejusdem
1627 969 1663 1025 et
1702 958 1899 1029 Comitatus

391 1082 573 1151 Bristollie
608 1094 645 1152 et
684 1086 805 1153 omnia
848 1098 885 1155 et
925 1088 1067 1177 singula
1117 1094 1197 1160 loce
1233 1095 1325 1162 infra
1365 1097 1584 1184 procinctum
1624 1107 1661 1165 et
1699 1098 1900 1167 libertatem
1986 1117 1992 1129 ’
2039 1075 2073 1129 ·'

392 1222 582 1288 eorundem
612 1220 870 1308 imperpetuum
895 1232 971 1291 tam
999 1244 1064 1310 per
1092 1236 1222 1294 terram
1247 1249 1355 1316 quam
1377 1252 1442 1319 per
1466 1254 1596 1320 equam
1624 1234 1697 1301 sint
1722 1231 1912 1321 exempto,

393 1366 568 1441 separata,
596 1356 738 1443 priuata
766 1368 803 1426 et
840 1362 1005 1429 absoluta
1041 1383 1064 1428 a
1100 1383 1321 1453 quacumque
1356 1379 1544 1455 potestate,
1578 1370 1843 1467 jurisdiccione
1864 1382 1902 1440 et

392 1490 507 1561 officio
550 1494 742 1562 Admiralli
782 1516 825 1563 ec
864 1496 1142 1567 Admirallontm
1182 1504 1285 1589 regni
1324 1507 1436 1573 nostri
1469 1507 1616 1595 Anglie,
1655 1508 1825 1575 heredum
1864 1518 1901 1576 et

395 1649 635 1699 successorum
672 1642 882 1714 nostrorum,
912 1654 954 1702 ac
983 1656 1105 1705 eorum
1142 1641 1473 1725 commissariorum,
1503 1641 1761 1722 officiariorum,
1790 1644 1901 1730 depu-

394 1776 561 1849 tatorum,
596 1768 914 1838 locumtenencium
950 1782 987 1839 et
1023 1772 1263 1843 ministrorum
1300 1796 1599 1865 quorumcumque
1632 1798 1699 1864 pro
1741 1789 1901 1864 tempore

395 1904 638 1973 existencium.
697 1906 746 1973 Et
774 1910 869 1994 quod
898 1910 1018 1977 nullus
1046 1910 1267 1979 Admirallus
1300 1922 1421 1983 noster
1455 1915 1601 2003 Anglie,
1636 1916 1808 1983 heredum
1842 1918 1901 1983 vel

396 2060 635 2110 successorum
670 2054 881 2128 nostrorum,
912 2047 969 2113 vel
1007 2048 1083 2134 ejus
1119 2050 1373 2133 locumtenens,
1389 2012 1678 2135 commissarius,
1715 2051 1903 2119 officiarius

394 2180 452 2247 vel
488 2181 678 2266 deputatus
714 2202 780 2269 pro
816 2193 975 2269 tempore
1011 2183 1180 2265 existens,
1221 2204 1289 2252 nec
1324 2185 1436 2271 aliqui
1471 2186 1649 2253 admiralii
1684 2206 1751 2254 nec
1785 2188 1903 2253 locum

394 2328 565 2400 tenentes,
595 2318 839 2401 commissarii,
869 2318 1035 2401 ministri,
1059 2318 1220 2387 officiarii
1250 2321 1307 2388 vel
1336 2322 1498 2407 deputati
1525 2322 1683 2409 eiumem
1711 2322 1903 2389 Admirelli

393 2474 456 2523 seu
505 2456 784 2524 Admirallorum
831 2466 1030 2525 nostrorum
1075 2458 1132 2524 vel
1171 2458 1344 2525 heredum
1385 2468 1585 2527 nostrorum
1627 2479 1693 2544 pro
1743 2469 1902 2545 tempore

394 2594 587 2661 existentes
605 2594 728 2661 villam
746 2594 941 2681 predictam
962 2613 1028 2662 nec
1052 2594 1231 2676 suburbia,
1258 2594 1477 2681 procinctum
1503 2605 1565 2663 aut
1586 2604 1727 2681 portum
1742 2596 1901 2682 ejusdem

391 2728 477 2795 ville
500 2748 566 2796 nec
588 2724 805 2797 comitatum
831 2726 1013 2795 Bristollie
1040 2747 1105 2815 per
1132 2738 1264 2795 terram
1293 2745 1357 2795 seu
1384 2748 1449 2815 per
1477 2748 1607 2813 aquam
1635 2728 1682 2797 de
1710 2738 1826 2796 cetero
1855 2729 1903 2795 ad

394 2866 528 2954 aliquid
548 2868 640 2933 infra
660 2866 796 2948 villam,
811 2866 980 2934 suburbia
999 2867 1231 2951 procinctum,
1252 2866 1471 2949 comitatum,
1495 2876 1637 2954 portum
1658 2867 1722 2934 illa
1742 2870 1837 2954 quod
1857 2868 1904 2935 ad

396 3004 559 3072 Officium
587 3004 865 3073 Admirallitatis
893 3006 1047 3107 pertinet
1076 3026 1140 3074 seu
1168 3008 1345 3093 pertinere
1369 3008 1500 3093 poterit
1521 3006 1779 3094 inquirendum,
1801 3026 1902 3073 exer·

395 3142 556 3223 cendum,
586 3142 785 3210 faciendum
815 3162 879 3212 seu
898 3144 1144 3229 exequendum
1167 3144 1412 3232 ingredientur
1432 3164 1496 3211 seu
1517 3144 1737 3232 ingrediatur
1758 3144 1900 3230 quouis·

393 3281 519 3357 modo;
557 3278 621 3349 Set
658 3280 752 3365 quod
787 3280 883 3347 dicta
916 3280 1014 3361 villo,
1036 3281 1216 3361 suburbia,
1246 3279 1436 3348 comitatus
1463 3289 1501 3347 et
1529 3278 1673 3367 singula
1701 3282 1781 3348 loca
1810 3278 1903 3347 infra

394 3416 612 3501 procinctum
641 3426 678 3482 et
706 3417 906 3485 libertatem
936 3418 1128 3485 eorundem
1157 3428 1232 3485 tam
1261 3436 1325 3503 per
1354 3437 1484 3502 aquam
1514 3414 1638 3505 [quam
1664 3436 1729 3502 per
1752 3414 1902 3507 terram]

395 3552 467 3617 sint
492 3552 637 3620 omnino
666 3562 703 3619 et
731 3553 991 3641 imperpetuum
1015 3564 1118 3621 extre
1143 3563 1367 3640 potestatem,
1386 3554 1672 3640 jurisdiccionem
1692 3564 1731 3621 et
1750 3528 1903 3622 auctori·

396 3700 506 3756 tatem
535 3690 620 3758 dicti
648 3689 850 3773 Admirelli,
876 3690 1154 3759 Admirallorum
1180 3700 1217 3758 et
1240 3710 1360 3757 eorum
1386 3690 1717 3772 locumtenencium,
1741 3688 1904 3759 officiari·

395 3846 507 3911 orum,
540 3828 787 3913 deputatorum
824 3839 861 3895 et
897 3828 1137 3895 ministrorum
1173 3846 1316 3896 suorum
1353 3847 1662 3913 quorumcumque.
1722 3826 1770 3893 Et
1806 3828 1903 3913 quod

396 3966 515 4032 nullus
557 3964 779 4033 Admirellus
818 3986 884 4033 nec
923 3966 1034 4051 aliqui
1070 3964 1262 4034 Admiralli
1302 3964 1415 4032 nostri
1454 3962 1601 4051 Anglie,
1640 3964 1809 4030 heredum
1845 3964 1905 4031 vel

396 4122 636 4171 successorum
675 4112 874 4171 nostrorum
914 4121 980 4170 nec
1020 4102 1122 4207 ejffl,
1137 4112 1199 4170 aut
1239 4120 1360 4169 eorum
1400 4103 1692 4182 locumtenentes,
1731 4100 1903 4185 deputati,

395 4239 559 4321 ministri,
603 4259 669 4307 nec
712 4238 871 4307 officiarii
918 4240 974 4307 sui
1017 4238 1166 4326 predicti
1206 4258 1272 4306 nec
1315 4257 1437 4306 eorum
1474 4236 1605 4323 aliquis
1640 4236 1732 4303 infra
1767 4236 1903 4304 dictam

394 4376 529 4457 villam,
558 4376 738 4459 suburbia,
768 4379 987 4463 procinctum
1018 4385 1055 4443 et
1082 4386 1224 4462 portum
1254 4394 1321 4442 nec
1345 4373 1438 4441 infra
1473 4373 1688 4441 comitatum
1723 4371 1905 4440 Bristollie

392 4534 458 4601 per
486 4525 616 4583 terram
645 4534 710 4582 seu
739 4534 804 4601 per
833 4534 962 4602 aquam
995 4515 1039 4581 de
1067 4514 1188 4601 aliquo
1224 4514 1320 4599 quod
1356 4514 1404 4578 ad
1440 4510 1593 4578 officium
1628 4508 1905 4576 Admirallitatis

396 4670 459 4719 seu
489 4654 535 4719 ad
563 4672 685 4721 eorum
714 4650 867 4720 officium
896 4652 1143 4738 quodcumque
1172 4650 1210 4717 in
1239 4652 1308 4716 hac
1338 4658 1441 4733 parte
1469 4647 1622 4733 pertinet
1645 4666 1708 4714 eeu
1731 4645 1907 4745 pertinere

395 4786 526 4872 poterit
553 4788 767 4857 intromittat
796 4806 858 4855 seu
888 4787 1138 4869 intromittant,
1165 4805 1231 4853 nec
1256 4784 1415 4870 aliquam
1438 4802 1627 4869 personam
1651 4802 1714 4849 seu
1736 4802 1907 4869 personas

394 4923 486 4991 infre
513 4925 638 4993 eadem
667 4945 731 4992 seu
759 4926 914 5011 aliquem
942 4925 1059 4992 locum
1095 4923 1188 4991 infra
1218 4922 1438 5009 procinctum
1479 4920 1669 4987 eorundem
1705 4939 1752 4987 ex
1787 4918 1908 5005 aliqua

395 5079 503 5127 causa
527 5080 748 5147 quecumque
774 5062 893 5144 citent,
923 5074 1183 5145 summoneant,
1207 5062 1436 5149 distringant,
1462 5060 1657 5127 attachient
1681 5078 1744 5126 seu
1763 5058 1907 5144 capient
