4917 6309
501 716 550 806 5⁶
840 704 937 797 libe
961 703 1102 793 little
1126 704 1224 794 Rae
1250 703 1380 795 Boot
1403 703 1455 793 ot
1484 702 1671 796 mistel

499 929 630 988 terrem
658 917 833 1001 Iohannis
861 917 1059 989 Sellewode
1087 938 1193 1003 quam
1217 918 1401 1003 Johannes
1430 915 1555 1005 Spyne
1582 926 1682 985 tenet
1708 936 1757 984 ex
1791 924 1896 1005 parte
1928 936 2011 997 vna,

498 1064 535 1123 et
562 1066 693 1123 terram
720 1053 894 1137 Johennis
924 1052 1036 1141 Clyue
1064 1072 1110 1119 ex
1137 1064 1240 1140 parte
1268 1056 1393 1133 altera,
1422 1072 1488 1140 per
1514 1052 1631 1119 visum
1660 1052 1798 1140 Rogeri
1830 1049 2012 1132 Wanetre,

498 1190 698 1259 communis
736 1188 969 1277 superuisoris
1008 1188 1094 1256 ville
1134 1188 1316 1257 Bristollie
1355 1190 1470 1267 dicte;
1521 1187 1745 1271 Juratoribus
1778 1185 1939 1255 enooetls
1974 1194 2014 1254 et

500 1327 695 1415 assignatis
722 1346 786 1395 eos
815 1326 1009 1393 secundum
1045 1324 1298 1393 discrecionem
1336 1346 1437 1393 suam
1473 1344 1521 1391 ex
1557 1344 1708 1393 assensi
1737 1323 1897 1411 parcium
1932 1342 2013 1409 pre·

500 1463 674 1531 dictarum
703 1462 740 1529 in
768 1462 848 1529 visu
884 1461 1042 1547 predicto
1077 1462 1321 1529 informandos
1356 1482 1421 1548 per
1456 1470 1718 1532 sacromentum
1752 1460 1840 1527 dicti
1874 1458 2013 1552 Rogati

501 1598 680 1679 Wanstre,
730 1597 905 1682 Iohannis
963 1598 1111 1677 Bruton,
1162 1599 1337 1668 Willelmi
1397 1598 1570 1680 Chedder,
1621 1595 1796 1665 Willelmi
1854 1594 2011 1682 Temple,

499 1734 675 1819 Johannis
725 1732 871 1815 Gibbee,
923 1734 1096 1803 willelmi
1148 1734 1322 1818 Hokford
1382 1734 1535 1803 Roberti
1595 1734 1813 1821 Tonbrigge,
1864 1731 2013 1800 Ricardi

498 1871 664 1959 Alkeley,
702 1871 878 1955 Johannis
927 1870 1057 1953 Bnker,
1110 1870 1260 1937 Henrici
1309 1870 1513 1953 Cornisshe‚
1557 1869 1731 1938 Wdlelmi
1774 1869 1936 1938 Boniour
1974 1877 2013 1935 et

499 2007 675 2090 Johannis
704 2007 883 2089 Pascowe,
912 2008 973 2095 qui
1002 2008 1125 2075 dicunt
1155 2028 1261 2094 super
1289 2018 1550 2075 sacramentnm
1583 2027 1686 2075 suum
1718 2007 1813 2093 quod
1848 2005 2013 2072 viderunt

502 2153 632 2211 terram
661 2146 819 2232 predicte
840 2144 1087 2213 Fraternitatis
1112 2165 1193 2211 curn
1224 2146 1378 2232 quodam
1407 2164 1508 2211 muro
1537 2144 1681 2231 lapideo
1703 2144 1741 2209 in
1760 2142 1890 2209 boriali
1910 2150 2012 2227 parte

501 2282 554 2349 eis
580 2280 649 2370 (sic)
676 2290 815 2349 tantum
843 2282 1052 2369 pertinente,
1079 2283 1258 2367 jacentem
1287 2281 1326 2347 in
1354 2282 1434 2349 vioo
1460 2284 1506 2347 de
1535 2281 1720 2347 Bradstret
1748 2280 1920 2367 predicto.
1948 2298 2011 2347 ex·

500 2419 705 2485 tendentem
734 2440 757 2484 a
785 2418 957 2486 cimiterio
993 2417 1119 2487 Sancti
1155 2418 1332 2503 Johannis
1371 2418 1409 2485 in
1447 2416 1634 2505 posteriori
1673 2428 1775 2503 parte
1811 2436 1924 2503 vsqno
1963 2418 2012 2483 ad

501 2564 741 2623 tenementum
766 2556 943 2639 Johsnnis
970 2554 1079 2622 Torre
1108 2576 1231 2623 versus
1256 2556 1373 2622 vicum
1402 2554 1560 2622 anterius
1588 2555 1627 2621 in
1658 2565 1761 2641 parte
1788 2552 2013 2633 occidentali,

501 2702 538 2759 et
581 2691 740 2759 continet
781 2692 821 2758 in
859 2692 1082 2781 longitudine
1121 2702 1274 2773 centurn,
1311 2692 1551 2780 quadraginta
1593 2712 1660 2758 sex
1698 2692 1809 2777 pedes
1844 2699 1882 2757 et
1932 2699 2013 2757 octo

502 2824 660 2910 pollines,
690 2834 727 2891 et
757 2824 936 2910 predictus
963 2844 1085 2892 murus
1113 2826 1272 2893 continet
1300 2824 1339 2891 in
1368 2844 1408 2891 se
1436 2826 1475 2891 in
1503 2824 1727 2913 longitudine
1755 2846 1779 2892 a
1808 2835 2012 2893 tenemento

503 2960 590 3027 dicti
629 2961 803 3045 Johannis
840 2961 949 3029 Torre
996 2962 1034 3029 in
1076 2962 1264 3051 posteriori
1303 2972 1407 3047 parte
1448 2981 1562 3047 vsqne
1605 2961 1652 3028 ed
1694 2961 1812 3029 vicum
1856 2962 2014 3029 anterius

502 3096 651 3184 triginta
679 3108 830 3183 quatuor
858 3100 978 3183 pedes,
1009 3100 1098 3165 dnos
1128 3098 1277 3187 pollices
1305 3108 1342 3164 et
1371 3098 1579 3174 dimidium
1623 3098 1746 3165 dicunt
1774 3098 1890 3165 eciam
1919 3098 2015 3185 quod

501 3236 663 3322 predicta
692 3246 787 3301 terra
815 3236 973 3303 continet
1003 3236 1041 3303 in
1071 3256 1109 3303 se
1138 3236 1177 3301 in
1205 3234 1394 3303 latitudine
1422 3235 1461 3301 in
1489 3234 1649 3321 predicto
1677 3236 1757 3302 vico
1782 3234 1942 3302 anterius
1975 3234 2015 3301 in

502 3371 619 3457 capite
647 3370 777 3458 viginti
807 3372 896 3439 duos
924 3373 1045 3459 pedes,
1076 3382 1212 3459 septem
1238 3373 1387 3457 pollices
1419 3382 1456 3438 et
1488 3371 1685 3451 dimidium,
1721 3370 1889 3439 videlieet
1923 3370 2016 3439 inter

506 3516 746 3575 tenementum
768 3506 918 3593 predicti
937 3506 1113 3590 Johannis
1142 3506 1251 3574 Torre
1273 3518 1441 3594 exparte
1462 3528 1535 3575 vna
1555 3518 1592 3575 et
1613 3517 1853 3575 tenementum
1880 3507 2016 3575 Thon»

502 3644 621 3713 Broke
650 3665 697 3713 ex
727 3654 829 3731 perte
857 3645 992 3721 alteru
1015 3645 1139 3711 dicunt
1161 3644 1310 3712 ulterius
1338 3645 1433 3731 quod
1462 3644 1621 3731 predicta
1646 3656 1740 3712 terra
1779 3644 1941 3712 extendit
1975 3666 2016 3713 ee

502 3782 541 3847 in
590 3780 812 3869 longitudine
840 3801 864 3847 a
892 3781 1051 3866 predicto
1094 3782 1173 3847 vico
1218 3782 1376 3848 anterius
1420 3784 1458 3848 in
1497 3791 1600 3869 parte
1639 3782 1788 3849 australi
1821 3802 1934 3870 voque
1968 3784 2016 3849 ad

504 3924 694 4007 quemdem
725 3942 863 3989 munim
893 3924 994 4009 cnjus
1023 3924 1196 3991 medietas
1224 3934 1365 3992 constat
1390 3922 1621 3989 Fraternitati
1647 3922 1805 4010 predicte
1833 3934 1870 3991 et
1905 3924 2018 3991 altera

509 4056 682 4123 medietas
708 4056 866 4141 Johanni
895 4057 1020 4147 Clyue,
1046 4059 1224 4147 Burgensi
1252 4060 1336 4127 ville
1371 4059 1546 4143 Bristoll.,
1579 4069 1616 4127 et
1651 4060 1810 4127 continet
1844 4060 2018 4147 quinqua·

508 4196 612 4283 ginta
640 4196 750 4282 pedes
771 4200 912 4284 regales
933 4207 970 4265 et
991 4200 1113 4266 decern
1134 4200 1303 4285 pollices3
1326 4200 1388 4286 qui
1409 4198 1553 4285 quidem
1573 4218 1695 4266 murus
1716 4198 1807 4266 sicvt
1827 4198 2019 4285 predicitur

507 4331 644 4399 diuisus
672 4334 834 4401 extendit
862 4354 902 4401 se
931 4334 970 4400 in
997 4336 1222 4423 longitudine
1250 4356 1363 4422 vsque
1393 4337 1439 4402 ad
1468 4335 1657 4421 quemdam
1693 4337 1843 4401 alterurn
1879 4354 2017 4403 munim

506 4468 601 4536 dicte
629 4468 860 4537 Fraternitati
898 4480 1038 4538 tentum
1078 4472 1325 4559 pertinentem,
1366 4480 1404 4539 et
1439 4471 1599 4539 continet
1635 4472 1873 4559 quodraginta
1909 4490 2019 4539 vnum

509 4606 619 4691 pedes
669 4614 706 4671 et
757 4624 867 4673 vnum
917 4608 1094 4694 pollicem,
1145 4618 1182 4675 et
1232 4608 1412 4695 predictus
1461 4608 1622 4695 integms
1660 4626 1782 4675 murus
1816 4607 1869 4675 sic
1903 4606 2019 4675 eidem

509 4738 740 4805 Fraternitati
771 4741 956 4827 pertinens
987 4745 1148 4813 extendit
1177 4766 1216 4813 se
1245 4746 1284 4811 in
1312 4744 1537 4833 longitudine
1575 4762 1687 4831 osque
1725 4744 1773 4810 ad
1809 4744 2020 4813 cimiterium

402 4908 405 4915 .
512 4873 637 4942 Sancti
664 4874 840 4959 Iohannis
869 4880 907 4946 in
942 4881 1129 4967 posteriori
1165 4891 1267 4968 parte
1303 4892 1340 4947 et
1381 4884 1429 4949 ad
1465 4882 1656 4969 quemdam
1693 4881 1842 4947 altemm
1881 4900 2019 4949 murum

513 5022 752 5081 transuersum
782 5016 876 5085 dicte
908 5018 1139 5085 Fraternitati
1175 5028 1314 5085 tantum
1350 5018 1585 5104 pertinentem
1624 5029 1662 5087 et
1699 5018 1858 5085 continet
1895 5030 2021 5105 quater
