4917 6309
561 747 635 819 ²30
897 720 995 812 Ebc
1018 719 1157 811 little
1181 720 1281 810 ‘Rei
1306 721 1435 811 30Οῆ
1459 722 1509 811 oi
1539 721 1729 814 Βῐίθῐοῑ.

555 935 652 1021 quod
673 952 798 1001 omnes
822 932 987 1003 conducti
1014 934 1172 1003 semiant
1194 933 1263 1000 toti

556 1068 802 1137 eommunitati
826 1088 891 1155 pro
916 1069 1069 1137 victibus
1094 1070 1179 1137 suis.

603 1364 657 1428 32.
680 1343 772 1411 Item
798 1344 894 1431 quod
915 1344 1034 1411 nullus
1056 1342 1264 1413 waterletier

559 1480 680 1567 capiat
705 1500 834 1567 aquam
859 1482 908 1549 ad
931 1480 1124 1549 Abbonam
1149 1498 1265 1567 neque

560 1616 688 1685 Frome
704 1636 770 1685 nec
791 1614 829 1683 in
852 1616 924 1685 alio
945 1636 1167 1705 quocumque
1185 1618 1266 1685 loeo

560 1752 631 1821 nisi
653 1752 759 1823 fuerit
782 1774 873 1840 pura
895 1762 932 1821 et
957 1755 1054 1821 clara
1078 1754 1146 1821 sub
1171 1774 1265 1841 pena

560 1890 645 1977 xijd.
675 1891 811 1959 tociens
838 1892 1018 1977 quociens,
1047 1902 1114 1959 etc.

606 2050 659 2111 33.
682 2028 774 2096 Item
803 2029 898 2114 quod
928 2048 1052 2097 omnes
1080 2030 1264 2097 venientes

564 2167 612 2234 ed
636 2165 768 2233 Forum
788 2165 971 2252 hospitent
992 2185 1102 2251 equos
1123 2185 1208 2233 suos
1228 2176 1267 2234 ot

563 2322 637 2369 non
658 2311 833 2388 occupent
852 2320 1057 2369 communes
1077 2302 1175 2369 vinos
1198 2302 1266 2369 sub

562 2457 667 2524 90¹1&

607 2600 661 2662 34.
683 2577 775 2645 Item
804 2577 900 2664 quod
928 2578 1047 2645 nullus
1075 2586 1267 2645 extraneus

566 2723 685 2801 portat
708 2715 855 2802 longum
878 2713 1058 2781 cultellum
1084 2715 1151 2782 sub
1173 2732 1268 2801 pura

566 2847 786 2917 forisfactum
813 2849 982 2935 ejusdem.

609 3006 662 3069 33.
685 2985 776 3053 Item
794 2987 890 3074 quod
906 2988 1026 3055 nullus
1044 2986 1267 3053 tabernarius

564 3132 676 3208 ponat
697 3120 819 3189 vinum
841 3142 973 3189 nouum
994 3122 1032 3187 in
1054 3122 1184 3189 nelarie
1201 3141 1267 3189 suo

567 3268 757 3345 antequam
787 3266 889 3325 vetus
916 3256 1038 3328 vinum
1068 3258 1106 3325 in
1142 3258 1267 3325 eodem

565 3394 723 3463 existens
773 3396 942 3481 probetur
987 3414 1051 3481 pst
1094 3394 1268 3482 Maiorem

565 3542 604 3599 et
628 3532 761 3619 probos
779 3530 942 3599 homines
963 3532 1030 3599 sub
1051 3550 1146 3617 pena
1166 3530 1269 3599 foris·

565 3670 699 3737 facture
726 3669 884 3755 ejusdem
910 3668 996 3735 vini.

609 3810 664 3889 36.
688 3805 780 3871 Item
795 3805 891 3890 quod
904 3804 1024 3870 nullus
1038 3812 1134 3870 emat
1148 3802 1269 3891 aliqua

565 3942 674 4010 blada
695 3942 732 4007 in
755 3940 849 4009 Foro
869 3941 916 4006 ad
938 3957 982 4005 ea
996 3939 1157 4006 dunanda
1175 3940 1268 4007 vltra

568 4100 666 4147 mare
696 4079 763 4145 sub
791 4095 885 4163 pena
913 4074 1141 4145 forisfacnra

612 4374 665 4439 37.
689 4352 779 4421 Item
794 4354 890 4441 quod
904 4354 1023 4419 nullus
1033 4350 1191 4419 carnifex
1205 4372 1272 4419 nec

569 4490 661 4569 alius
686 4496 783 4557 emat
807 4487 946 4573 aliquas
975 4488 1118 4569 bestias,
1148 4489 1271 4569 boues,

566 4646 653 4693 oues
677 4634 740 4693 aut
764 4644 890 4712 porcos
914 4622 1005 4691 infra
1025 4634 1164 4711 portam
1186 4626 1272 4694 ville

557 4751 637 4830 'sub
662 4782 757 4849 pena
781 4770 886 4847 prout
911 4762 1080 4853 sequitur,
1106 4763 1169 4831 sed
1192 4772 1274 4829 tan·

570 4900 751 4966 tummodo
772 4897 810 4963 in
830 4898 867 4963 la
881 4896 1102 4971 Brodemede
1114 4900 1172 4967 vel
1187 4909 1272 4967 aute

566 5037 789 5125 mancionem
811 5034 975 5105 Fratrum
994 5036 1269 5105 Predicatorum.

1364 934 1596 1005 shanseefit
1640 935 1885 1003 Andthuall
1904 937 2068 1005 oonduits

1363 1092 1463 1139 serve
1497 1073 1560 1140 the
1587 1074 1703 1141 whole
1734 1072 1985 1162 Commonalty
2012 1072 2068 1141 fot

1363 1208 1456 1277 tbeir
1483 1210 1675 1297 provision.

1407 1366 1461 1430 32.
1481 1346 1575 1413 Also
1603 1347 1684 1416 that
1711 1367 1760 1416 no
1794 1347 2064 1416 “waterleder''

1361 1483 2066 1553 ukemoeratthsAvonorFromeor

1361 1620 1402 1687 in
1421 1640 1493 1710 any
1513 1621 1616 1688 otber
1640 1622 1742 1709 plaoe
1763 1622 1984 1689 wbatsosver
2001 1640 2066 1690 ex·

1302 1757 2065 1857 'eeptitbepureandelearundeta

1362 1892 2064 1982 panutyofmtsoobenasmaybe

1406 2030 2066 2119 3³.Alsotbatallpeopleooming

1363 2166 2066 2236 tothemarketaretostabletheir

1362 2304 1486 2371 borses
1525 2304 1599 2372 aud
1640 2313 1705 2371 not
1746 2312 1786 2371 to
1824 2322 1962 2391 oecupy
2002 2304 2065 2371 the

1363 2438 2038 2527 oommonroadsunderapenalty.

1407 2574 2066 2665 „monumemtum

1365 2712 2066 2803 alongknifsundertbepeualty

1363 2847 1897 2919 offorfeitureoftbesame.

1406 3006 1460 3069 33.
1483 2986 1575 3053 Auo
1609 2985 1689 3052 that
1724 3004 1773 3053 no
1801 2994 1967 3065 taverner
1999 2996 2067 3071 put

1365 3141 1444 3189 new
1486 3122 1578 3189 wine
1620 3121 1660 3188 in
1702 3121 1761 3189 bis
1798 3121 2067 3202 oollarbofore

1363 3258 2068 3339 theoldwinewbichisintbesmo

1362 3396 2067 3487 bemtodbythellayorandgoou

1363 3552 1447 3599 men
1482 3532 1596 3599 undet
1629 3534 1779 3620 penalty
1813 3531 1856 3599 of
1888 3532 2067 3605 forfeiture

1364 3668 1755 3736 ofthesamowine.

1408 3810 1464 3889 36.
1487 3806 1576 3873 Also
1604 3804 1685 3871 that
1713 3824 1762 3871 no
1789 3824 1860 3873 one
1893 3808 1967 3894 buy
1995 3826 2068 3895 any

1367 3940 1471 4029 grain
1500 3941 1538 4007 in
1567 3939 1630 4008 the
1657 3940 1797 4007 market
1830 3949 1870 4006 to
1901 3960 2005 4029 carry
2038 3945 2071 4011 it

1364 4078 1507 4165 beyond
1535 4095 1598 4144 sea
1625 4076 1738 4142 under
1765 4075 1827 4143 the
1856 4077 2004 4165 penalty
2030 4077 2073 4145 of

1364 4212 1553 4282 forfaiture.

1409 4372 1464 4435 33.
1486 4350 1579 4419 Also
1597 4350 1678 4417 that
1690 4369 1739 4416 no
1751 4350 1901 4430 bucher
1913 4352 2076 4419 orotbet

1368 4485 2070 4574 suyanyueasmxensnoeporpiya,

1367 4625 1492 4693 within
1512 4624 1575 4692 the
1596 4632 1685 4711 gnte
1702 4622 1745 4689 of
1760 4622 1822 4689 tbe
1841 4631 1939 4704 town
1959 4625 2071 4694 under

1367 4761 1430 4828 the
1451 4760 1597 4848 penalty
1616 4756 1811 4845 following,
1835 4758 1900 4823 but
1922 4759 2009 4845 only
2030 4759 2069 4825 in

1368 4900 1430 4966 the
1448 4896 1669 4965 Brodemede
1682 4915 1724 4965 or
1736 4895 1857 4969 before
1877 4896 1939 4963 the
1959 4896 2071 4965 botruo

1370 5036 1413 5103 of
1427 5035 1489 5102 the
1509 5033 1631 5103 Friars
1652 5032 1857 5127 Pmcirers.
