4917 6309
765 776 862 869 tine
885 776 1148 890 ltttlcllco
1172 774 1377 866 lloolot
1407 772 1594 863 undet
1858 794 1926 869 19⁵

424 998 572 1077 vterque
600 1008 723 1058 eorum
748 1008 813 1077 per
842 1010 882 1059 se
905 990 1112 1079 recoguouit
1144 998 1181 1057 et
1205 1008 1272 1077 pro
1300 995 1377 1057 toto
1400 1005 1481 1055 esse
1513 971 1692 1055 debitores
1715 981 1931 1071 principales
2031 1053 2035 1059 .

423 1145 490 1213 pro
513 1126 674 1215 predicto
703 1101 875 1209 Walters,
905 1129 964 1197 Ite
987 1128 1083 1215 quod
1114 1126 1235 1214 Major
1256 1133 1294 1193 et
1323 1122 1457 1191 Belliui
1481 1120 1641 1208 ejusdem
1670 1118 1756 1187 ville
1779 1117 1842 1205 qui
1864 1136 1932 1205 pro

423 1270 583 1349 tempore
600 1260 731 1331 luerint
751 1262 828 1333 lieri
844 1264 978 1335 fociant
999 1266 1178 1355 predictus
1195 1264 1427 1353 septinginta
1451 1262 1608 1349 quinque
1630 1261 1742 1329 libras
1759 1261 1806 1328 de
1825 1260 1931 1329 bonis

385 1454 388 1461 .
425 1408 463 1465 et
484 1396 637 1481 catellis,
655 1400 759 1467 terris
781 1411 819 1469 et
844 1402 1055 1471 tenementis
1079 1402 1155 1471 suis
1179 1404 1227 1469 ed
1252 1418 1553 1488 quorumcumque
1577 1416 1705 1467 manus
1727 1397 1961 1465 neumemt·

423 1532 456 1600 si
478 1534 658 1621 predictus
682 1536 864 1607 Walterus
888 1539 927 1606 in
951 1539 1072 1627 aliquo
1096 1538 1347 1627 premissorum
1371 1546 1544 1625 quantum
1565 1536 1613 1604 sd
1635 1535 1753 1623 ipsum
1777 1534 1931 1621 pertinet

425 1667 592 1739 deiecerit
625 1674 731 1759 juxte
774 1684 933 1745 tenorem
968 1686 1065 1745 curte
1092 1674 1229 1745 domini
1268 1674 1385 1763 Regis
1418 1674 1458 1742 in
1493 1672 1666 1741 auxilium
1697 1683 1736 1741 et
1773 1672 1931 1747 leuem

425 1806 663 1891 orphanorum
703 1809 788 1877 ville
825 1812 983 1899 predicte
1019 1812 1257 1901 burgensibus
1288 1810 1447 1899 eiusdem
1479 1809 1567 1877 ville
1598 1828 1777 1877 concesse.
1826 1808 1933 1877 Post·

422 1942 638 2033 nodemus
657 1946 837 2033 predictus
860 1946 1043 2035 Johunnes
1064 1947 1147 2037 Guy
1167 1948 1367 2035 inproprie
1384 1964 1539 2033 persons
1556 1965 1624 2013 suu
1641 1964 1761 2014 eorem
1783 1942 1930 2032 preinde

424 2078 562 2169 Mejore
583 2091 620 2150 et
642 2082 794 2153 Belliuis
819 2084 857 2153 in
875 2083 1066 2173 Guyheldn
1089 2084 1256 2182 predicte
1275 2084 1314 2152 in
1338 2084 1447 2171 pleno
1467 2082 1652 2151 hundredo
1675 2082 1809 2152 ibidem
1830 2090 1930 2150 teuto

423 2215 484 2284 die
514 2214 681 2285 Mercurii
706 2227 838 2289 extunc
866 2221 1029 2307 proxime
1051 2222 1213 2308 sequenti
1245 2220 1336 2309 petit
1364 2218 1640 2307 Inquisiciouem
1671 2218 1757 2286 inde
1779 2216 1861 2303 cepi
1890 2226 1928 2283 et

423 2372 626 2439 processum
657 2374 782 2423 versus
803 2356 989 2426 duodecim
1013 2360 1145 2447 probos
1169 2368 1206 2427 et
1237 2358 1374 2446 legales
1390 2356 1559 2423 homines
1589 2356 1637 2423 de
1656 2354 1745 2422 villi
1769 2353 1929 2440 predicte

423 2488 502 2561 fieri
527 2493 575 2558 ed
596 2490 844 2579 inquirendum
866 2514 935 2582 que
955 2495 1062 2577 bona,
1087 2496 1230 2577 catella,
1255 2504 1379 2575 terres,
1403 2502 1608 2563 tenemente
1628 2491 1716 2560 dieti
1735 2490 1929 2570 walterus,

420 2625 604 2710 Johennes
627 2628 851 2719 Wurmystre
873 2640 910 2699 et
932 2626 1114 2701 Robertus
1141 2632 1376 2701 Menkeswell
1400 2632 1461 2699 die
1487 2624 1747 2719 recognicionis
1769 2626 1928 2715 predicte

422 2766 621 2835 habuerunt
646 2778 710 2837 mit
730 2788 822 2837 vnus
843 2786 965 2839 sonim
997 2770 1133 2853 babuit,
1158 2779 1196 2839 et
1219 2788 1285 2857 per
1307 2766 1465 2857 prelatos
1490 2768 1666 2855 Maiorem
1689 2776 1728 2836 et
1748 2766 1930 2834 Bullinum

421 2903 493 2993 (sti)
514 2924 720 2975 mosomum
753 2914 819 2973 est
863 2904 913 2973 Et
941 2926 1048 2993 super
1070 2906 1140 2977 hoc
1170 2926 1236 2996 per
1256 2904 1412 2994 prefatos
1446 2904 1621 2991 Maiorem
1642 2912 1681 2973 et
1702 2902 1866 2971 Belliuos
1889 2902 1928 2969 in

420 3038 528 3109 euris
558 3042 718 3129 peuce
750 3044 788 3110 in
821 3041 1018 3111 ammeio
1050 3042 1211 3133 predicto
1241 3052 1448 3131 preceptum
1483 3051 1539 3110 ost
1567 3042 1704 3109 rioms
1736 3006 1925 3127 seipsam

421 3174 590 3246 seruieuti
629 3178 676 3247 ed
714 3180 854 3249 chum
893 3191 931 3249 et
969 3180 1136 3249 Ministro
1181 3179 1288 3249 Curio
1328 3182 1487 3269 predicte
1530 3178 1626 3267 quod
1661 3176 1784 3246 venire
1818 3171 1927 3243 iaciat

420 3330 540 3379 corum
573 3313 721 3401 prefatis
754 3314 893 3403 Maiore
926 3325 963 3385 et
998 3316 1150 3385 Belliuis
1182 3316 1230 3385 ed
1264 3316 1487 3385 hundredum
1529 3315 1589 3385 die
1621 3312 1762 3382 venais
1795 3322 1927 3381 extunc

420 3450 583 3537 proxime
610 3453 773 3541 sequenti
809 3452 847 3521 in
883 3451 1073 3541 Guyheldn
1107 3453 1268 3542 predicte
1301 3453 1494 3522 tenendum
1528 3451 1707 3539 predictos
1741 3449 1927 3518 duodecim

419 3590 552 3673 probos
575 3598 612 3657 et
634 3588 771 3677 legales
793 3588 958 3657 homines
981 3589 1028 3657 de
1052 3588 1139 3657 villa
1157 3589 1327 3677 predicte„
1376 3587 1519 3657 Virtute
1536 3588 1638 3675 cujus
1657 3586 1815 3675 precepti
1831 3586 1926 3655 idem

419 3722 578 3791 seruiens
613 3723 660 3792 ed
682 3726 904 3795 hundredum
938 3726 1135 3812 predictum
1159 3747 1279 3797 eorem
1309 3726 1456 3814 pierius
1478 3724 1618 3811 Maiore
1644 3734 1683 3793 et
1709 3724 1927 3793 vicecomite

418 3868 557 3927 tentum
590 3860 784 3928 retorneuit
819 3862 1001 3948 penellum
1026 3864 1072 3931 de
1095 3862 1282 3932 duodecim
1313 3862 1437 3949 probis
1458 3870 1495 3929 et
1517 3860 1694 3949 legalibus
1722 3860 1927 3930 bominibus

417 3996 635 4085 peripsum
669 3997 910 4085 impendistis
943 3999 991 4068 m
1028 3990 1277 4089 inquirendum
1312 4000 1358 4067 es
1392 3997 1587 4087 pessimi
1640 3997 1691 4065 es
1723 4018 1831 4085 super
1852 3976 1928 4082 'ies

416 4130 525 4201 niem
557 4130 675 4220 Major
710 4142 747 4201 et
776 4132 909 4203 minui
943 4143 1111 4223 saperet
1144 4134 1414 4222 inquisicionem
1444 4134 1492 4201 ee
1524 4132 1708 4220 premissis
1739 4134 1779 4201 in
1810 4104 1925 4202 form

420 4266 583 4354 sequenti
592 4293 647 4337 :-

548 4404 730 4474 Bristollie
750 4406 944 4492 inquisicio
964 4419 1071 4497 cepte
1102 4410 1235 4480 ibidem
1265 4410 1304 4478 in
1333 4410 1442 4496 pleno
1471 4406 1655 4476 hundredo
1683 4414 1783 4475 tento
1806 4426 1927 4475 corum

416 4538 563 4625 profetis
601 4540 739 4629 Maiore
779 4552 816 4611 et
856 4544 1008 4615 Bilnuis
1037 4547 1097 4615 die
1138 4547 1279 4616 veneris
1320 4546 1486 4633 proximo
1516 4552 1600 4631 post
1634 4541 1765 4611 festum
1797 4542 1924 4613 Sancti

417 4676 610 4760 Valentini,
645 4696 741 4747 enno
773 4678 877 4769 regni
912 4682 1009 4769 mgis
1041 4682 1190 4753 Henrici
1223 4681 1328 4753 Sexti
1359 4692 1443 4770 post
1474 4680 1716 4767 conquestum
1745 4680 1925 4751 tricesimo

415 4812 531 4901 primo
551 4810 683 4905 [1433]
700 4814 830 4885 virtute
852 4814 1050 4885 litterarum
1071 4820 1275 4907 pateneium
1294 4818 1430 4888 domini
1450 4814 1652 4910 E[dwurdi]
1669 4836 1783 4905 nuper
1806 4818 1924 4906 Regis

415 4948 552 5034 Anulis
574 4970 641 5039 pro
663 4952 770 5021 bonis
801 4952 1050 5041 Orphanomm
1074 4956 1346 5045 inirn‘eundem
1369 4956 1494 5024 villum
1522 4954 1773 5043 recuperandis
1794 4954 1926 5021 virmte

414 5086 611 5157 ueterum
644 5088 881 5177 predictenim
912 5092 1043 5179 Maiori
1078 5101 1116 5161 et
1150 5092 1303 5162 Bulliuis
1335 5112 1406 5179 que
1433 5101 1490 5161 est
1516 5091 1612 5173 telis,
1637 5100 1706 5161 etc.
1763 5087 1923 5176 Quarum
