4917 6309
527 746 597 819 ¹94
865 723 962 816 ebe
985 723 1124 815 little
1148 724 1248 815 ilco
1272 725 1401 816 soci
1426 726 1476 815 ct
1506 723 1694 818 uomet
1803 735 1806 742 ·

522 936 608 1003 ville
629 936 784 1023 balliuis,
809 938 909 1008 venit
932 938 1115 1008 Walterus
1140 938 1344 1007 chcombe
1368 940 1559 1027 burgensis
1582 949 1620 1009 et
1644 946 1817 1007 mercator
1845 936 1931 1005 ville
1952 955 2034 1025 pre-

523 1073 618 1141 dicte
650 1084 687 1141 et
725 1076 933 1165 recognocit
965 1096 1006 1145 se
1042 1076 1219 1163 recepisse
1258 1076 1457 1146 muman
1496 1094 1682 1165 corporum
1714 1073 1923 1143 Elisabetbe
1959 1072 2034 1141 filie

524 1210 681 1295 ejusdem
705 1212 880 1295 Johsnnis
905 1212 1054 1281 senioris
1083 1212 1191 1281 etatis
1215 1213 1403 1283 tresdecim
1428 1232 1614 1296 morum,
1637 1210 1812 1296 Jchannis
1834 1207 1917 1301 [tilii
1938 1211 2035 1297 eius-

525 1348 606 1413 dem
628 1346 818 1439 Jobannis]
844 1347 927 1439 Guy
949 1348 1098 1417 senioris
1121 1350 1230 1418 etatis
1253 1358 1336 1417 octo
1359 1368 1546 1433 annorum,
1566 1359 1605 1417 et
1625 1348 1830 1435 Margarete
1850 1344 1924 1414 filie
1945 1346 2034 1413 dicti

523 1483 698 1567 Johannis
733 1484 816 1574 Guy
851 1486 1002 1554 senioris
1034 1488 1142 1555 etatis
1181 1486 1338 1574 quinque
1375 1506 1561 1569 annorum,
1602 1484 1738 1553 Th0me
1775 1482 1841 1551 tilii
1873 1483 2032 1570 ejusdem

523 1620 698 1705 Johsnnis
733 1621 816 1712 Guy
850 1624 1000 1691 senioris
1035 1625 1142 1693 etatis
1174 1622 1282 1693 trium
1317 1630 1503 1705 annorum,
1527 1633 1565 1692 et
1594 1621 1744 1691 Henrici
1776 1619 1843 1689 filii
1872 1620 2033 1707 eiusdem

522 1756 698 1841 Jobannis
715 1758 798 1847 Guy
814 1760 964 1829 senioris
977 1760 1090 1847 patris
1103 1780 1236 1843 eorum,
1250 1760 1386 1828 eisdem
1400 1760 1619 1843 Elisabetbe,
1633 1757 1800 1843 Johanni,
1815 1756 2030 1846 Margo-rete,

523 1894 659 1963 Thome
692 1905 729 1965 et
765 1895 924 1966 Hearico
960 1888 1025 1985 per
1055 1898 1187 1967 dictam
1218 1897 1374 1965 Aliciam
1410 1901 1560 1966 matrem
1593 1906 1631 1965 et
1666 1895 1873 1982 Philippum
1902 1893 2033 1979 Faunt,

523 2042 729 2101 executores
767 2034 972 2103 tastamenti
1010 2034 1139 2123 prefati
1174 2033 1350 2120 Iohannis
1390 2032 1474 2123 Guy
1512 2032 1672 2115 senioris,
1710 2033 1841 2100 virtute
1874 2031 2033 2118 ejusdem

523 2170 729 2237 testamenti
761 2190 827 2258 pro
862 2170 1139 2241 racionabilibus
1171 2172 1334 2259 partibus
1380 2172 1554 2240 bonorum
1587 2189 1658 2258 que
1700 2168 1842 2237 firmunt
1883 2168 2033 2255 predicti

524 2307 703 2375 testatoris
728 2308 922 2397 assignatis
946 2318 984 2377 et
1008 2308 1191 2393 ordinatis,
1216 2328 1260 2379 ac
1283 2306 1432 2397 prefatis
1454 2308 1575 2395 pueris
1595 2308 1672 2376 siue
1694 2306 1865 2394 orphanis
1888 2306 2033 2393 dejure

524 2443 823 2531 contingentibus,
845 2446 1011 2514 videlicet
1029 2466 1095 2533 pro
1117 2446 1277 2533 quolibet
1298 2464 1410 2535 puero
1433 2446 1670 2532 predictorum
1695 2443 1897 2531 quindecim
1921 2442 2033 2511 libras
2079 2474 2086 2487 ·

524 2590 666 2649 monete
696 2581 864 2668 predicte
915 2582 1134 2653 Soluendam
1158 2582 1294 2651 eisdem
1329 2590 1368 2650 et
1397 2580 1545 2650 cuilrbet
1576 2580 1735 2668 ipsomm
1758 2588 1898 2666 partem
1928 2578 2031 2647 suam

451 2762 452 2765 =
525 2736 604 2809 cum
640 2720 843 2787 adetatem
877 2719 1076 2807 legitimam
1104 2720 1304 2807 peruenerit
1334 2716 2033 2807 velinterimsiccntingatipscsvel

525 2872 645 2921 eorum
669 2854 824 2940 aliquem
848 2855 1018 2923 maritari.
1062 2856 1111 2925 Et
1141 2856 1174 2924 si
1197 2856 1387 2945 contingat
1419 2856 1575 2941 aliquem
1597 2855 1656 2922 vel
1676 2854 1834 2940 aliquam
1856 2852 2030 2921 dicem

525 3008 713 3076 puerorum
735 2989 828 3058 infra
849 2992 1048 3080 legitimam
1061 3002 1194 3061 mrtem
1207 2994 1267 3060 vel
1280 3002 1471 3079 antequam
1488 2956 1676 3059 maritatus
1695 2988 1801 3059 fiterit
1818 2988 1918 3057 obire
1938 2990 2034 3075 quod

524 3140 610 3197 tunc
642 3148 715 3196 vna
747 3130 949 3199 medietatis
986 3129 1056 3219 (sic)
1087 3130 1202 3218 partis
1236 3128 1334 3197 illius
1367 3129 1430 3214 qui
1462 3128 1521 3195 vel
1559 3145 1630 3213 que
1663 3125 1717 3193 sic
1747 3122 1877 3229 obierit
1912 3124 2034 3237 liberis

526 3268 695 3356 predictis
708 3268 770 3354 qui
783 3268 841 3335 vel
862 3288 932 3355 que
945 3278 1125 3357 superstes
1137 3266 1279 3336 fitenmt
1293 3265 1363 3354 (ric)
1384 3263 1585 3333 remanebit
1600 3261 1775 3351 equaliter
1787 3262 1881 3329 inter
1893 3279 1956 3329 ecs
1968 3280 2033 3329 seu

524 3424 588 3473 eas
613 3404 825 3483 diuidendar
852 3406 967 3473 alters
990 3424 1075 3474 vero
1100 3404 1273 3473 medietas
1303 3400 1452 3491 prefatis
1474 3400 1721 3471 exemtoribus
1749 3398 1948 3467 remanebit
1968 3416 2034 3484 pro

525 3542 647 3610 anima
667 3542 754 3611 dicti
775 3543 955 3612 testatoris
973 3552 1011 3611 et
1031 3542 1153 3609 anima
1171 3542 1269 3610 illius
1290 3540 1343 3608 sic
1358 3538 1564 3609 decedentis
1581 3558 1647 3625 per
1666 3537 1810 3605 eosdem
1830 3544 2035 3605 exemtores

381 3692 390 3729 ¹
444 3712 454 3731 ·
526 3676 677 3747 fideliter
704 3678 936 3766 demenda
980 3680 1038 3748 Its
1069 3680 1165 3766 quod
1185 3678 1365 3767 predictus
1396 3676 1580 3745 walterus
1601 3672 1758 3763 prefatos
1776 3672 2034 3752 Elisabetbam.

525 3813 724 3898 Johannem
748 3813 840 3904 Guy,
860 3814 1046 3903 juniorem,
1065 3816 1319 3905 Margaretam,
1338 3791 1515 3881 herdam
1534 3821 1572 3880 et
1594 3810 1790 3879 Hemicum
1815 3808 1855 3877 in
1874 3807 2036 3877 custodia

527 3969 593 4017 sua
613 3950 809 4020 existentes
833 3951 872 4019 in
899 3952 1066 4020 omnibus
1090 3952 1165 4021 suis
1192 3949 1403 4021 necessariis
1434 3950 1528 4017 bene
1549 3958 1587 4017 et
1610 3947 1899 4034 decenterjuxta
1920 3957 2037 4015 stams

526 4105 647 4153 eorum
681 4088 895 4155 sustentabit
921 4096 959 4157 et
995 4086 1200 4157 informabit
1234 4108 1299 4157 seu
1337 4086 1521 4156 inlonnari
1551 4084 1669 4155 faciet.
1712 4084 1775 4153 Ad
1810 4104 1882 4171 que
1913 4084 2036 4152 omnia

525 4223 700 4319 premissa
720 4244 768 4291 ex
791 4234 894 4311 parte
918 4224 1005 4295 dicti
1029 4224 1182 4295 walteri
1205 4227 1298 4295 bene
1316 4238 1354 4293 et
1374 4223 1527 4294 fideliter
1550 4223 1714 4293 facienda
1739 4221 1833 4291 idem
1854 4220 2036 4291 walterus

527 4358 666 4448 obligat
687 4380 727 4429 se
763 4380 806 4431 ac
829 4362 953 4430 omnia
984 4364 1140 4432 bonnet
1172 4364 1305 4431 catalla
1326 4384 1403 4445 sua,
1429 4372 1544 4432 terras
1575 4373 1614 4431 et
1652 4369 1856 4431 tenemema
1889 4380 1957 4429 sira
1988 4361 2038 4428 sd

528 4516 828 4584 quorumcumque
860 4518 988 4567 manus
1023 4500 1230 4570 deuenerint
1266 4501 1467 4570 cohercioni
1498 4511 1537 4570 et
1567 4498 1785 4581 districciom
1820 4497 1971 4585 Maioris
1987 4487 2040 4565 ¹et

528 4632 749 4705 Balliucrum
773 4636 858 4705 ville
882 4637 1064 4707 Bristollie
1081 4638 1144 4725 qui
1160 4659 1224 4725 pm
1244 4649 1404 4728 tempore
1420 4636 1563 4707 fuerint.
1608 4637 1670 4706 Ad
1690 4638 1861 4723 maiorem
1880 4634 2039 4704 omnium

528 4772 780 4860 premissorum
804 4784 844 4841 vt
867 4792 915 4843 ex
939 4784 1042 4861 parte
1060 4774 1147 4845 dicti
1170 4774 1324 4868 Walteri
1342 4776 1569 4846 securitatem
1592 4778 1686 4844 bene
1703 4784 1742 4843 et
1764 4770 1917 4841 fideliter
1940 4792 2038 4841 com·

529 4906 697 4994 pensam
731 4907 913 4992 Jomnns
948 4907 1171 5000 wnmysee
1204 4874 1461 5005 exponeres
1496 4913 1730 4983 mammet
1768 4913 1966 5000 angam
2000 4920 2039 4979 et

530 5051 743 5111 mercatores
764 5040 859 5112 dicte
881 5042 967 5112 ville
996 5044 1178 5117 Bristollie
1202 5018 1482 5135 recogncuemnt
1511 5065 1552 5115 se
1575 5064 1655 5115 esse
1673 5054 1967 5132 manucaptcres,
1991 5060 2035 5109 ac
