4917 6309
573 671 645 743 208
908 668 1004 764 noe
1027 668 1166 761 utute
1190 624 1290 761 'uteo
1314 670 1444 762 soon
1467 672 1519 763 ot
1549 670 1738 762 suetos

572 878 609 945 in
638 878 800 967 personis
826 882 884 949 vel
912 882 1017 951 bonis
1045 902 1112 953 net
1140 884 1276 971 aliquid
1304 886 1400 972 quod
1425 885 1478 979 ed
1509 882 1663 955 officium
1691 886 1897 973 hujusmodi
1927 886 2083 973 pertinet

572 1036 636 1085 seu
662 1018 839 1107 pertinere
865 1020 996 1107 poterit
1023 1020 1112 1089 inibi
1137 1020 1281 1103 indunt,
1302 1030 1514 1091 muoeouant
1535 1040 1599 1091 seu
1620 1029 1843 1109 exequantur
1863 1040 1930 1090 nen
1950 1004 2083 1089 ibidem

568 1155 784 1243 iudicialiter
800 1176 867 1227 nec
885 1166 1048 1247 pretextu
1069 1178 1133 1228 seu
1152 1160 1271 1227 ootore
1288 1158 1495 1246 huiusmodi
1513 1156 1621 1231 offleii
1640 1158 1697 1227 sui
1718 1158 1867 1227 sedeant
1884 1159 1943 1227 vel
1962 1158 2084 1227 sedent

572 1290 814 1379 quouismodn
881 1292 929 1361 Et
963 1294 1059 1380 quod
1095 1293 1213 1361 nultus
1249 1291 1524 1363 communitatis
1557 1292 1644 1361 ville
1671 1292 1830 1381 predicte
1857 1312 1925 1360 nen
1953 1292 2083 1379 uliquis

572 1428 759 1517 burgensis
787 1430 871 1497 ville
905 1432 1063 1517 ejusdem
1096 1450 1163 1521 pro
1196 1440 1357 1520 tempore
1388 1428 1549 1501 existens
1584 1448 1652 1499 nec
1680 1428 1811 1517 uliquis
1840 1426 1932 1497 infru
1959 1429 2084 1497 eudem

571 1564 2086 1657 vitlemsuburbiuetcomitutumpmtemporeresidensseuexistens

571 1702 732 1771 deoetero
760 1706 922 1773 uebatur
948 1706 986 1773 in
1022 1706 1193 1795 placitum
1231 1719 1294 1775 sut
1323 1706 1371 1775 ud
1405 1705 1690 1795 respondendum
1727 1703 1962 1791 quouismodo
1989 1720 2087 1771 eom·

571 1838 725 1927 pelletur
752 1840 844 1909 inire
871 1842 996 1911 eadem
1027 1842 1163 1924 vilium,
1198 1842 1381 1923 suburbiu,
1408 1840 1630 1931 procinctum
1658 1850 1696 1909 et
1718 1839 1935 1910 Comitatum
1964 1858 2084 1907 eornm

571 1977 729 2065 predicto
757 1978 958 2047 Admirelio
985 1998 1050 2047 seu
1077 1979 1289 2047 Admiraliis
1317 1998 1383 2047 seu
1406 1978 1486 2067 ejus
1514 1988 1578 2047 sut
1604 1996 1728 2047 eorum
1752 1976 2084 2058 locumtenentibus,

571 2114 833 2195 commissoriis,
876 2116 1048 2185 ministris
1097 2137 1161 2185 seu
1212 2117 1392 2205 deputetis
1437 2136 1504 2205 pro
1546 2126 1708 2203 tempore
1756 2114 1993 2183 existentibus
2035 2117 2082 2182 od

572 2260 706 2317 sentam
759 2260 928 2333 nostrum,
974 2252 1144 2321 heredum
1187 2255 1246 2323 vel
1300 2272 1542 2323 suooessorum
1587 2262 1787 2323 nostrorum
1830 2270 1897 2319 nec
1936 2250 2082 2319 ulterim

571 2387 831 2475 cuiuscumque,
860 2408 923 2458 seu
952 2389 1025 2458 elio
1052 2390 1158 2457 modo
1183 2408 1406 2479 quocumque
1433 2390 1480 2457 de
1506 2390 1617 2459 rebus
1644 2408 1752 2477 super
1779 2406 1879 2457 mare
1907 2388 1966 2456 vel
1993 2386 2084 2456 stibi

570 2520 685 2605 tande,
713 2543 780 2593 nec
807 2526 854 2593 de
882 2525 1060 2613 utiqubru
1095 2529 1349 2611 contractibus,
1384 2526 1698 2607 oonuencionibus,
1726 2524 2080 2613 memmonibus,

570 2660 832 2749 contemptibus
864 2662 1108 2751 mesprisionis
1136 2675 1200 2733 eut
1229 2664 1312 2735 eliis
1340 2664 1497 2749 offensis,
1525 2667 1634 2734 rebus
1661 2664 1719 2733 vel
1749 2661 1909 2730 materiis
1936 2660 2082 2748 quibus·

571 2798 2082 2891 cumquepertorrumseupersqusmpupeuutisseuemergmtibus

572 2932 815 3019 quouismodo.
868 2934 917 3003 Et
949 2938 1044 3022 quod
1083 2956 1150 3005 neo
1186 2938 1339 3026 predicti
1366 2938 1486 3027 Major
1518 2946 1557 3007 et
1592 2934 1840 3007 Communitus
1867 2953 1934 3003 nec
1960 2953 2081 3001 eorum

572 3087 792 3139 sunoessores
840 3090 906 3139 nen
948 3072 1155 3143 Vioenomes
1199 3074 1399 3145 Comitatus
1448 3076 1599 3162 predicti
1632 3094 1697 3161 pro
1725 3084 1885 3159 tempore
1911 3072 2080 3153 existens,

571 3224 637 3275 nec
675 3208 805 3297 uliquis
845 3210 937 3276 alius
974 3208 1066 3279 infru
1106 3210 1231 3279 eudem
1260 3211 1396 3292 villum,
1434 3210 1662 3292 comitatum,
1692 3210 1893 3277 libertatem
1928 3216 1966 3275 et
2000 3226 2082 3293 pro-

570 3342 723 3411 cinctum
760 3346 951 3413 eorundem
990 3348 1149 3415 rmidens
1189 3366 1253 3417 seu
1290 3367 1357 3436 pro
1394 3358 1555 3437 tempore
1594 3348 1753 3417 existens
1790 3345 1966 3433 prefatum
2004 3344 2080 3412 Ad·

569 3478 745 3547 miruilum
785 3499 852 3549 nec
890 3480 1045 3571 prefatos
1081 3482 1302 3552 Admiratios
1337 3503 1403 3553 nec
1431 3485 1509 3573 ejus
1538 3495 1601 3553 sut
1636 3503 1758 3553 eorum
1786 3486 2077 3562 locumtenentes,

566 3771 630 3820 seu
668 3750 785 3821 officia
824 3774 890 3820 sun
928 3754 1130 3842 hujusmodi
1172 3756 1305 3827 ibidem
1341 3778 1527 3829 exnernere
1561 3760 1771 3847 permittant
1806 3774 1871 3825 seu
1897 3754 2080 3842 permittat

567 3906 633 3959 nec
660 3890 713 3957 eis
744 3910 811 3957 nec
845 3910 967 3959 eorum
1002 3894 1179 3981 proneptis
1208 3906 1271 3965 sut
1304 3898 1485 3966 mandntis
1515 3896 1650 3965 ibidem
1678 3892 1898 3981 exequendis
1926 3890 2081 3972 obediet,

566 4026 739 4107 intendet,
768 4028 936 4095 obediunt
970 4030 1028 4099 vel
1059 4030 1249 4103 intendunt
1282 4034 1346 4103 sed
1380 4034 1434 4105 eis
1467 4034 1500 4101 si
1532 4043 1657 4103 eontra
1687 4032 1781 4099 huuc
1815 4028 2079 4098 mnoessionem

567 4172 724 4231 noemam
765 4164 802 4229 in
838 4164 958 4251 aliquo
992 4172 1279 4241 oontt’auenetint
1306 4172 1471 4243 resistere
1507 4180 1545 4239 et
1579 4168 1780 4238 inobedire
1808 4168 1907 4235 licite
1934 4166 2079 4235 valeam

566 4309 603 4368 et
631 4300 776 4387 impune
815 4300 950 4389 absque
987 4304 1165 4393 aliquibus
1205 4308 1444 4396 impetteione,
1472 4306 1726 4377 molestatione
1761 4324 1825 4373 seu
1859 4304 2079 4393 gramine

566 4434 797 4519 forisfactura,
824 4458 919 4525 penu
952 4449 1014 4509 nut
1050 4442 1170 4529 aliquo
1205 4444 1391 4535 deperdito
1419 4444 1524 4514 nobis
1551 4446 1610 4515 vel
1638 4443 1829 4513 haedibus
1857 4442 1990 4511 nostris
2018 4448 2080 4507 aut

565 4573 767 4661 hujusmodi
806 4576 992 4645 admiralio
1032 4598 1095 4647 seu
1131 4578 1327 4649 ndmirailis
1359 4582 1475 4649 nostri
1501 4590 1565 4649 eut
1592 4580 1768 4649 dictorum
1796 4578 1965 4647 heredum
1993 4596 2077 4644 nos·

566 4720 699 4777 trorum
742 4729 809 4797 pro
852 4720 1008 4799 tempore
1048 4714 1282 4783 metentium
1322 4714 1452 4797 tiendo,
1490 4715 1673 4798 soluendo,
1711 4712 1960 4783 forisisciendo
2002 4712 2079 4781 siue

566 4846 799 4933 quouismodo
827 4847 991 4915 leuando.
1034 4848 1082 4917 Et
1111 4851 1257 4939 insuper
1283 4852 1331 4921 de
1357 4852 1483 4944 gratis
1509 4862 1632 4921 nostru
1660 4851 1809 4941 speeitli
1837 4870 1881 4919 sc
1908 4868 1956 4919 ex
1980 4866 2077 4917 mero

566 4992 665 5051 motu
694 4994 730 5053 et
758 4992 855 5051 certa
883 4984 1038 5055 sciencie
1072 4990 1204 5057 nostris
1239 4990 1408 5078 predictis
1436 5012 1503 5081 pro
1532 4991 1637 5060 nobis
1665 5000 1702 5061 et
1729 4988 1919 5061 heredibus
1946 4984 2078 5054 uosffls
