4917 6309
560 770 608 863 58
664 844 666 851 ,
890 759 988 852 dile
1012 762 1151 852 little
1175 763 1274 852 Rev
1298 759 1427 850 licuit
1452 760 1504 850 oi
1525 760 1714 851 stistol

559 977 706 1065 antiquo
760 978 915 1046 exerceri
968 986 1005 1045 et
1059 978 1225 1063 occupari
1279 985 1487 1045 consuetum
1537 974 1614 1056 brit,
1670 973 1870 1041 Reddendc
1915 972 2064 1058 proinde

559 1112 743 1179 aunuatim
782 1110 929 1198 prefatis
967 1112 1108 1198 Maiori,
1147 1111 1311 1193 Balliuis,
1349 1122 1387 1179 et
1426 1108 1688 1178 successoribus
1722 1108 1799 1176 suis
1832 1108 1965 1194 viginti
2000 1128 2064 1175 sex

559 1250 693 1318 solidos
730 1260 768 1317 et
809 1258 890 1317 octo
926 1250 1091 1319 denarios
1125 1252 1219 1317 bone
1247 1258 1286 1317 et
1319 1250 1448 1338 legalis
1483 1255 1626 1313 monete
1660 1245 1795 1333 Anglie
1831 1245 1879 1312 cd
1913 1255 2065 1332 quatuor

560 1387 645 1454 anni
685 1387 855 1454 terminos
894 1370 949 1453 tn'
975 1388 1071 1455 dicta
1113 1388 1201 1455 uua
1243 1386 1425 1453 essone
1468 1403 1673 1453 smmum
1716 1394 1753 1451 et
1786 1383 1929 1451 vsuns
1963 1384 2065 1470 equis

559 1526 796 1613 porcionibus.
840 1526 888 1593 Et
916 1546 989 1593 non
1017 1528 1138 1595 licebit
1173 1525 1271 1593 dicto
1306 1522 1466 1593 Galfridc
1503 1524 1636 1591 dictum
1672 1521 1826 1591 officium
1862 1521 1972 1589 alicui
2006 1521 2065 1589 vel

560 1664 738 1751 aliquibus
773 1663 951 1731 dimittere
989 1676 1051 1732 aut
1087 1666 1279 1733 concedere
1313 1663 1463 1731 durante
1499 1660 1650 1728 termino
1688 1659 1891 1745 supradicto
1930 1658 2066 1743 absque

559 1800 709 1869 licencia
735 1802 881 1889 speciali
906 1803 1078 1871 dictomm
1104 1802 1254 1889 Major-is
1276 1811 1314 1869 et
1335 1800 1557 1867 Bullinorum
1578 1807 1639 1864 aut
1659 1814 1900 1865 successorum
1922 1814 2065 1861 suorum

559 1937 606 2003 ad
635 1935 703 2003 hoc
731 1947 878 2025 optenta
906 1938 1040 2025 pariter
1066 1949 1104 2007 et
1133 1958 1311 2007 concessa
1369 1936 1419 2003 Et
1448 1935 1481 2002 si
1507 1934 1690 2021 predictus
1718 1932 1883 2001 annualis
1906 1931 2065 1999 redditus

558 2072 605 2139 ad
635 2074 788 2159 aliquem
818 2076 1006 2143 terminum
1035 2096 1107 2163 quo
1136 2076 1227 2144 sciui
1264 2076 1395 2144 debeat
1429 2082 1548 2141 aretro
1582 2072 1687 2140 licerit
1721 2070 1761 2138 in
1796 2081 1898 2158 parte
1932 2070 1991 2137 vel
2026 2068 2066 2134 in

558 2220 635 2277 tcto
662 2230 727 2297 per
755 2222 906 2299 quatuor
934 2214 1152 2299 septimanas
1180 2234 1254 2281 non
1284 2212 1421 2281 solutus
1448 2214 1544 2298 quod
1573 2222 1658 2279 tunc
1690 2212 1782 2277 bene
1816 2208 1924 2276 liceat
1957 2206 2064 2275 dictis

556 2344 688 2432 Maiori
716 2358 754 2416 et
781 2349 934 2418 Belliuis
965 2360 1002 2418 et
1038 2353 1300 2420 successoribus
1336 2350 1412 2419 suis
1447 2350 1661 2437 distringere
1695 2348 1830 2416 dictum
1866 2344 2065 2415 Galffidum

556 2503 622 2569 per
649 2486 770 2553 omnia
797 2488 894 2553 bona
922 2506 988 2553 sua
1015 2507 1086 2573 que
1111 2488 1221 2556 habet
1254 2486 1346 2555 infra
1380 2488 1565 2555 libertates
1601 2496 1638 2553 et
1667 2486 1791 2553 villam
1819 2484 2001 2551 Bristollie
2028 2492 2067 2551 et

557 2620 801 2689 districciones
841 2623 893 2689 sic
930 2632 1056 2711 captas
1095 2626 1270 2693 abducere
1310 2633 1347 2693 et
1384 2634 1568 2710 asportare
1606 2633 1644 2691 et
1678 2643 1788 2710 penes
1823 2642 1887 2689 ecs
1914 2621 2067 2688 retinere

558 2776 741 2842 quousque
768 2760 814 2824 de
843 2758 938 2826 dicto
967 2760 1106 2827 mdditu
1134 2780 1286 2829 unacum
1315 2761 1505 2847 arreragiis
1535 2760 1567 2827 si
1592 2780 1663 2845 que
1682 2759 1813 2827 liner-int
1833 2760 1886 2826 eis
1907 2756 2066 2845 plenarie

556 2891 662 2960 fuerit
698 2893 929 2963 satisfactum.
999 2896 1047 2964 Et
1086 2899 1118 2965 si
1154 2898 1271 2966 dictus
1306 2896 1486 2966 Galiridus
1521 2897 1632 2965 nichil
1668 2896 1831 2964 habuerit
1865 2916 1931 2983 per
1968 2896 2064 2983 quod

557 3028 724 3118 distringi
763 3032 894 3117 poterit
932 3031 1024 3099 inire
1062 3035 1185 3101 villam
1226 3035 1304 3103 siue
1325 3035 1546 3103 'libertatem
1584 3034 1781 3121 predictam
1818 3053 1885 3119 pro
1922 3031 2065 3101 redditu
2160 3038 2167 3047 '

555 3166 727 3253 predicto,
762 3178 824 3235 aut
860 3168 891 3235 si
927 3169 1044 3237 dictus
1080 3168 1262 3239 Galfridus
1302 3170 1476 3240 dimiserit
1513 3180 1577 3239 aut
1613 3169 1827 3239 concesserit
1865 3164 1971 3236 alicui
2008 3168 2067 3235 vel

557 3301 735 3389 aliquibus
782 3302 934 3373 officium
986 3306 1183 3393 predictum
1223 3316 1347 3376 contra
1385 3306 1534 3377 formam
1573 3308 1768 3395 predictam
1808 3315 1940 3376 extum
1974 3306 2066 3372 bene

556 3438 678 3507 licebit
707 3439 812 3507 dictis
840 3440 970 3527 Maiori
1000 3452 1036 3511 et
1065 3444 1217 3513 Balliuis
1246 3456 1283 3513 et
1312 3445 1576 3515 successoribus
1606 3446 1682 3513 suis
1709 3445 1843 3512 dictum
1868 3440 2067 3511 Galiridum

557 3572 736 3661 expellere
775 3576 822 3641 ab
862 3574 978 3645 officio
1015 3578 1174 3664 predicto
1214 3580 1487 3669 impoepetuum,
1515 3580 1722 3649 dimissione
1764 3592 1802 3648 et
1840 3578 2068 3647 concessione

558 3708 718 3793 predicta
746 3709 785 3777 in
814 3710 935 3799 aliquo
962 3733 1035 3781 nen
1065 3715 1242 3783 obstante.

690 3930 838 4017 Precips
875 3932 925 4020 by
964 3931 1125 4001 Richard
1164 3936 1213 4003 11.
1255 3946 1292 4005 tc
1330 3941 1392 4006 the
1428 3939 1557 4029 Meyer
1587 3941 1659 4007 and
1696 3936 1832 4007 Sheriff
1862 3937 1905 4005 of
1934 3938 2070 4005 Bristci

558 4065 745 4153 enjoining
758 4068 839 4133 that
867 4069 929 4135 the
957 4068 1102 4139 citizens
1130 4070 1172 4140 cf
1196 4072 1396 4143 Rccbester
1422 4078 1469 4145 be
1497 4076 1571 4143 free
1598 4076 1729 4145 ostoli
1756 4074 1811 4142 for
1837 4075 1931 4143 their
1954 4076 2068 4162 goods

560 4200 778 4288 throughout
805 4200 987 4287 EngIand‚
1017 4224 1058 4271 as
1086 4204 1119 4272 is
1147 4192 1300 4293 granted
1328 4209 1378 4297 by
1406 4209 1470 4277 the
1499 4210 1638 4277 charter
1665 4208 1708 4277 oi
1727 4210 1896 4278 liberties
1950 4208 2069 4277 Dated

540 4332 822 4415 westminster,
853 4340 891 4404 18
921 4338 1019 4419 Feb„
1049 4360 1068 4423 5
1099 4340 1181 4408 Ric.
1212 4342 1262 4410 11.
1294 4340 1426 4437 [ηδε]

385 4629 492 4682 tneo.
568 4610 771 4690 CESTE
837 4616 966 4694 EST
1030 4620 1265 4700 LORDE-
1380 4625 1511 4702 THIS
1523 4624 1579 4702 IS
1599 4622 1716 4701 THE
1735 4619 2072 4699 ORDINANCE

565 4760 807 4843 NAUNCE
848 4765 1026 4846 FAITE
1060 4773 1154 4850 EN
1187 4774 1269 4851 LA
1369 4775 1545 4854 MADE
1591 4775 1664 4851 IN
1712 4772 1828 4849 THE
1873 4770 2072 4848 GUILD-

570 4910 875 4994 GILHALLE
957 4919 1043 4998 DE
1120 4923 1268 5001 BRIS·
1370 4925 1533 5001 HALL
1586 4924 1661 5001 OF
1702 4920 1944 4999 BRISTOL
1998 4920 2082 4995 ΒΥ

574 5062 729 5140 TUYT
749 5066 870 5143 PAR
895 5068 1015 5146 LEZ
1038 5072 1276 5152 PRODEZ
1379 5076 1495 5153 THE
1521 5073 1673 5153 GOOD
1697 5072 1838 5149 ΜΕΝ
1858 5070 1932 5147 OF
1957 5070 2072 5145 THE
