4917 6309
729 774 1113 879 rectinere>
1137 783 1268 873 soon
1292 780 1343 873 ot
1369 784 1558 877 ennon
1715 722 1718 730 ¹
1820 810 1896 889 209

384 996 553 1083 predictis
591 998 830 1071 concessimus
865 1012 902 1071 et
939 1022 1005 1091 pro
1041 1002 1146 1071 nobis
1184 1012 1221 1070 et
1262 1001 1453 1070 heredibus
1495 1002 1628 1071 nostris
1667 1003 1893 1073 concedimus

384 1133 518 1205 eisdem
546 1135 678 1205 Maiori
705 1146 743 1206 et
771 1136 1025 1208 Communitati
1059 1138 1250 1207 heredibus
1278 1148 1315 1206 et
1343 1136 1605 1207 successon'bus
1633 1138 1894 1227 imperpetuum

384 1274 480 1359 quod
506 1272 546 1341 in
574 1294 660 1343 casu
695 1296 767 1365 quo
805 1278 994 1367 quicquam
1031 1278 1127 1364 quod
1157 1276 1203 1344 ad
1237 1274 1391 1345 officium
1425 1275 1705 1347 Admirallitatis
1739 1278 1898 1365 pertinet

384 1428 448 1477 seu
484 1408 661 1497 pertinere
700 1413 831 1500 poterit
865 1435 932 1504 pro
975 1416 1152 1503 aliquibus
1196 1414 1448 1496 contractibus,
1486 1415 1786 1483 oonuencionibus
1829 1427 1892 1485 eut

384 1544 662 1637 quibuscumque
699 1549 781 1619 aliis
816 1554 922 1621 rebus
958 1572 1066 1639 supra
1101 1570 1199 1621 merc
1226 1551 1285 1619 vel
1313 1550 1401 1619 aiibi
1427 1548 1533 1619 fectis
1561 1552 1638 1619 siue
1665 1552 1892 1638 perpetretis,

384 1664 530 1771 etque
567 1685 660 1755 inim
698 1686 832 1769 viliam,
872 1686 1097 1770 comitatum,
1138 1688 1349 1767 libertatem,
1389 1696 1530 1775 portum
1571 1708 1636 1755 seu
1670 1688 1893 1775 procinctum

383 1820 561 1907 predictos
588 1843 654 1909 pro
681 1826 884 1911 huiusmodi
912 1827 1018 1895 rebus
1051 1826 1128 1894 siue
1155 1826 1396 1895 contractibus
1427 1824 1662 1892 reformandis
1689 1845 1754 1893 seu
1784 1827 1895 1894 corri-

383 1956 511 2042 gendis
533 1957 680 2045 Inquiri
706 1922 821 2031 audiri
849 1960 913 2031 seu
940 1962 1122 2031 terminari
1151 1970 1318 2051 poterunt
1346 1982 1411 2031 seu
1437 1962 1619 2030 debebunt
1645 1962 1897 2050 quoquomodo

383 2092 479 2179 quod
507 2104 593 2163 tunc
620 2117 688 2165 nos
715 2106 753 2167 et
787 2100 936 2169 heredes
971 2100 1084 2169 nostri
1120 2098 1404 2169 commissionem
1441 2118 1504 2166 seu
1539 2097 1807 2167 commissiones
1835 2100 1895 2168 vei

382 2230 521 2301 litteras
562 2242 727 2321 petentes
766 2236 834 2306 sub
870 2257 1005 2327 magno
1048 2236 1168 2327 sigillo
1211 2246 1333 2305 nostro
1371 2236 1410 2305 in
1450 2236 1521 2304 hac
1562 2246 1665 2323 parte
1706 2236 1889 2307 faciendas

383 2366 513 2452 Maiori
552 2376 589 2435 et
622 2368 856 2440 Recordatori
891 2372 977 2440 ville
1007 2372 1166 2460 predicte
1192 2390 1259 2459 pre
1286 2381 1446 2458 tempore
1474 2370 1710 2440 existentibus
1739 2392 1782 2439 ec
1811 2373 1895 2441 eliis

381 2508 544 2593 personis
578 2526 669 2593 ques
703 2528 771 2577 nos
799 2509 1004 2578 duxerimus
1031 2510 1089 2579 vei
1122 2511 1272 2579 heredes
1304 2508 1418 2578 noemi
1453 2509 1620 2576 duxerint
1654 2509 1894 2577 nominandas

382 2658 530 2727 quarum
544 2604 687 2728 quidem
708 2660 939 2727 personarum
961 2643 1052 2711 alter
1064 2643 1214 2731 predicti
1239 2642 1389 2729 Majoris
1412 2652 1449 2709 et
1470 2640 1724 2711 Recordatoris
1749 2664 1892 2731 semper

381 2774 429 2843 sit
466 2796 569 2857 runs,
604 2777 773 2863 quociens
806 2797 897 2865 opus
933 2778 1039 2847 merit
1071 2789 1108 2847 et
1140 2762 1285 2847 necesse
1312 2776 1391 2846 fieri
1418 2788 1455 2845 et
1483 2778 1591 2867 dirigi
1617 2778 1789 2847 iaciemm
1824 2799 1890 2847 seu

381 2909 530 2979 heredes
571 2912 684 2981 nostri
726 2912 877 3001 predicti
912 2912 990 2984 fieri
1028 2923 1066 2983 et
1104 2914 1212 3003 dirigi
1250 2912 1393 2983 facient
1452 2912 1531 3000 Que
1566 2914 1710 3004 quidem
1737 2933 1891 3000 persone

381 3046 428 3113 ed
475 3049 724 3117 execucionem
774 3050 931 3137 aliquam
981 3051 1184 3139 huiusmodi
1238 3050 1526 3123 commissionum
1570 3050 1647 3118 siue
1691 3050 1888 3118 litterarum

380 3174 451 3243 nisi
493 3175 532 3243 in
581 3179 767 3264 presencia
815 3179 989 3249 dictonrm
1018 3180 1186 3267 -MaJ'oris
1234 3190 1271 3249 et
1321 3178 1574 3247 Recordatoris
1618 3198 1684 3265 pro
1730 3187 1891 3264 tempore

380 3311 611 3382 existencium
640 3316 699 3382 vel
738 3314 884 3385 alterius
920 3336 1044 3385 eorum
1077 3317 1224 3385 minime
1259 3316 1464 3404 procedant.
1524 3316 1572 3382 Et
1611 3316 1643 3382 si
1683 3335 1753 3401 que
1792 3334 1891 3383 cnm·

379 3449 513 3530 muno,
556 3450 823 3521 commissiones
862 3452 939 3523 siue
984 3454 1102 3521 littere
1143 3462 1309 3541 petentes
1347 3453 1387 3520 in
1430 3451 1644 3520 contrarium
1682 3452 1890 3538 hujusmodi

376 3584 617 3653 concessionis
673 3596 795 3654 nostre
855 3608 1022 3657 concesse
1077 3588 1172 3658 fecte
1223 3589 1354 3658 fuerint
1411 3590 1488 3658 siue
1544 3588 1705 3670 liberate,
1760 3590 1883 3657 eedem

377 3721 590 3801 commissio,
643 3723 910 3793 commissiones
959 3726 1037 3795 siue
1085 3725 1205 3793 littere
1252 3732 1417 3811 patentes
1462 3734 1499 3792 et
1549 3724 1671 3791 omnia
1719 3732 1885 3809 pretexm

375 3858 566 3927 eemndem
601 3858 798 3929 litteramm
840 3858 946 3942 fecte,
984 3869 1166 3948 comperte
1202 3860 1280 3927 siue
1319 3870 1470 3928 executa
1505 3878 1643 3926 necnon
1682 3858 1805 3926 omnia
1842 3870 1881 3927 et
1981 3922 1988 3931 .

374 3993 518 4081 singula
544 4014 609 4081 per
636 3995 874 4066 AdmIrallum
903 4018 967 4066 seu
999 3997 1219 4065 Admiraiios
1249 3996 1360 4064 nostri
1387 3998 1447 4064 vel
1473 3996 1642 4065 heredum
1667 4004 1883 4076 nostrorum,

373 4150 494 4200 eonrm
515 4128 713 4212 officiarios,
734 4132 922 4221 deputatos
939 4132 1017 4200 siue
1035 4132 1216 4200 ministros
1239 4150 1479 4218 quoscumque
1503 4130 1542 4197 in
1565 4130 1779 4197 contrarium
1801 4150 1883 4217 pre-

374 4268 486 4336 sentis
514 4267 773 4337 commissionis
801 4276 921 4335 nostre
948 4264 1052 4349 fecte,
1082 4276 1221 4355 reperte
1244 4267 1322 4334 siue
1349 4274 1499 4333 macuta
1524 4265 1649 4351 vigore
1677 4284 1721 4332 ac
1748 4264 1878 4333 virtute

372 4404 592 4489 presencium
632 4402 705 4470 sint
742 4422 866 4483 vacua,
906 4402 1007 4470 irrita
1034 4414 1072 4471 et
1098 4424 1165 4490 pro
1202 4405 1303 4471 nulio
1340 4402 1416 4471 siue
1453 4401 1563 4469 nullis
1599 4400 1726 4468 habita
1760 4412 1797 4468 et
1837 4402 1877 4469 in

370 4540 535 4610 omnibus
574 4549 738 4627 reputata
773 4548 810 4607 et
849 4548 959 4609 tenta.
1018 4540 1077 4609 Its
1114 4542 1210 4627 quod
1249 4538 1471 4608 Admiraiius
1510 4546 1632 4604 noster
1670 4537 1805 4624 Angiie
1840 4549 1880 4606 et

367 4674 536 4745 heredum
575 4686 776 4745 nostrorum
814 4697 881 4765 pro
917 4688 1076 4765 tempore
1114 4680 1272 4747 existens
1300 4679 1359 4747 vei
1386 4678 1465 4765 ejus
1495 4679 1750 4758 locumtenens,
1779 4696 1879 4746 com·

366 4809 561 4891 misterius,
613 4810 812 4895 officiarius,
864 4822 1071 4901 procurator
1117 4816 1175 4885 vel
1228 4815 1421 4902 deputatus
1450 4776 1531 4881 'sut
1584 4814 1874 4896 locumtenentes,

367 4948 610 5029 commissarii,
650 4947 821 5030 officiarii,
859 4960 1103 5037 procuratores
1139 4952 1198 5019 vel
1235 4952 1393 5038 deputati
1437 4950 1641 5036 huiusmodi
1682 4950 1876 5018 Admiralli

366 5102 432 5168 pro
450 5092 609 5171 tempore
629 5086 823 5155 existentes
845 5086 1057 5175 quicumque
1072 5088 1206 5171 villam,
1221 5088 1449 5170 Comitannn,
1464 5087 1643 5169 summis,
1658 5088 1871 5171 libertatem,

1723 5214 1749 5267 Ρ
1769 5220 1788 5268 2
