4917 6309
590 764 662 835 206
924 757 1021 850 obe
1046 758 1186 851 little
1209 762 1309 854 lieo
1333 763 1463 857 boot
1487 767 1538 856 ot
1567 767 1756 861 bristoi.

587 970 2096 1055 bertliwillenddesiretbettheseidemeirendhissuoessourstoheue

589 1108 787 1177 correocion
816 1109 935 1177 therof
962 1112 1034 1177 end
1063 1118 1142 1179 true
1169 1112 1243 1179 end
1270 1115 1368 1183 verti
1395 1126 1546 1205 petrone
1574 1118 1616 1187 oi
1646 1121 1708 1188 the
1736 1121 1836 1189 seide
1871 1119 2095 1191 Cheimterie

589 1244 633 1312 In
656 1244 858 1314 witteuesse
881 1246 1019 1315 wheroi
1040 1256 1079 1315 to
1101 1248 1174 1315 this
1197 1270 1259 1338 my
1283 1254 1526 1341 composition
1551 1276 1577 1342 y
1600 1256 1696 1323 huue
1722 1266 1814 1325 sette
1839 1267 1878 1326 to
1907 1278 1968 1347 my
1996 1261 2096 1327 sealt

588 1382 675 1451 And
699 1382 754 1451 for
777 1386 943 1453 esmoche
968 1404 1010 1453 es
1034 1405 1096 1475 my
1118 1388 1193 1455 seel
1218 1397 1258 1455 to
1281 1410 1392 1479 many
1414 1410 1499 1459 men
1525 1390 1559 1459 is
1582 1393 1739 1460 volum
1761 1393 1825 1461 the
1851 1394 1940 1461 senil
1968 1393 2011 1461 of
2034 1395 2096 1462 the

454 1554 509 1592 ι.
590 1518 1890 1615 OffioeofMairslteosBristowyheueprocuredtobesette,
1925 1530 2095 1599 Auden

588 1657 750 1727 william
785 1659 902 1728 Coder
935 1660 1028 1727 meir
1061 1660 1215 1730 iorsnide
1250 1673 1290 1731 tt
1324 1665 1388 1731 the
1422 1665 1556 1753 speciei
1592 1666 1712 1753 preier
1739 1665 1782 1732 of
1810 1686 1869 1734 me
1897 1668 1959 1735 the
1993 1667 2092 1734 seide

587 1796 751 1883 Johenne
774 1800 837 1866 the
860 1799 936 1867 seul
961 1795 1002 1865 of
1025 1818 1091 1866 our
1116 1796 1227 1867 Offioe
1256 1798 1409 1869 iorseide
1436 1802 1530 1868 bene
1557 1810 1662 1871 sette.
1715 1802 1839 1871 Yeuen
1868 1804 1929 1870 the
1956 1824 2009 1871 xx
2033 1806 2093 1873 dei

586 1935 628 2003 oi
657 1936 763 2025 Juyn,
800 1938 861 2004 the
896 1956 980 2025 yere
1007 1936 1050 2005 of
1083 1939 1146 2007 the
1173 1958 1285 2027 regne
1312 1936 1356 2007 of
1384 1938 1500 2028 Kyug
1535 1937 1644 2007 Herri
1679 1938 1744 2007 tire
1771 1950 1873 2007 sexte
1907 1940 1997 2009 aster
2031 1921 2093 2010 the

586 2084 758 2157 conquest
786 2073 847 2141 the
874 2070 1003 2159 mju.
1031 2070 1164 2163 [¹45³]-

715 2257 769 2351 [A
797 2259 893 2329 brief
920 2262 1078 2329 abstract
1106 2258 1149 2327 oi
1171 2260 1245 2329 this
1276 2260 1310 2329 is
1340 2262 1449 2351 given
1473 2264 1512 2329 in
1541 2260 1696 2329 Rr'cart’s
1717 2262 1909 2347 Iratam,
1933 2262 2091 2333 Cemdeu

584 2394 666 2465 soc.
696 2398 776 2481 Ed„
799 2418 835 2486 e·
861 2396 961 2489 77]··

414 2690 422 2707 ·
500 2694 507 2710 ·
587 2649 742 2727 Charur
771 2648 968 2750 osHemy
1002 2648 1062 2725 VI.
1090 2652 1273 2750 muling
1301 2658 1336 2725 to
1362 2650 1419 2724 tiu
1446 2648 1636 2750 Burgcsscs
1661 2648 1875 2749 osBristol
1897 2654 2087 2750 exemption

639 2800 735 2883 from
767 2800 826 2877 tle
857 2812 972 2883 dotoer
1000 2800 1080 2877 ond
1097 2798 1333 2899 sitrridr'ctton
1367 2798 1415 2899 os
1437 2800 1495 2874 tte
1526 2798 1745 2897 Admiralty
1776 2776 2033 2901 ofEngland.

710 3010 898 3091 umacus,
913 3008 982 3078 oei
1003 3010 1136 3097 green,
1151 3009 1236 3077 nex
1257 3009 1393 3101 segue
1413 3019 1452 3076 a
1473 3007 1625 3076 Francis
1644 2972 1682 3076 ει
1702 3009 1879 3077 Dominus
1900 3010 2085 3090 niuem,

579 3147 755 3217 Omnibus
788 3150 835 3216 ed
871 3166 960 3236 quos
988 3155 1169 3235 presentes
1198 3148 1317 3214 littere
1348 3146 1578 3235 per-uenerint
1606 3146 1770 3215 sulutem.
1827 3145 1961 3216 Sciatis
1991 3148 2086 3234 quod

578 3306 646 3354 nos
673 3285 937 3354 oonsiderentes
966 3301 1099 3371 magne
1126 3292 1164 3350 et
1192 3282 1367 3349 notabilia
1391 3282 1564 3369 obsequie
1599 3300 1671 3369 que
1698 3284 1925 3371 quamplures
1953 3304 2087 3353 meroe·

577 3436 673 3493 tores
700 3427 896 3509 burgenses
923 3422 1009 3489 ville
1037 3430 1157 3489 nostro
1186 3420 1369 3490 Bristoilie
1398 3440 1479 3489 mm
1513 3440 1636 3491 eorum
1672 3422 1825 3491 nauibus
1859 3433 1897 3492 et
1931 3424 2087 3512 nauigiis

576 3566 624 3633 ed
653 3582 737 3630 suos
765 3568 927 3647 sumptus
956 3570 992 3626 et
1019 3577 1197 3645 expensas
1225 3578 1299 3625 non
1322 3559 1484 3627 modicos
1509 3558 1617 3625 certis
1643 3558 1777 3626 inclitis
1795 3560 2086 3660 'progenitoribus

577 3701 769 3769 nostriset
794 3696 898 3766 nobis
920 3695 1156 3764 diuersimode
1181 3694 1444 3781 impenderunt,
1471 3711 1612 3761 necnon
1637 3712 1807 3783 magnam
1832 3694 2086 3783 gredurdinem

577 3860 684 3929 quam
727 3858 841 3925 nuper
883 3836 921 3903 iu
964 3836 1102 3923 Majore
1144 3843 1181 3903 et
1224 3832 1490 3902 communitate
1539 3833 1701 3919 ejusdem
1750 3834 1837 3945 viiie
1885 3834 2087 3904 inuenimus

577 3986 761 4067 gratanter
788 3973 892 4041 nobis
920 3973 1040 4041 dendo
1066 3972 1239 4041 duoentts
1266 3973 1378 4039 libres
1407 3972 1446 4037 in
1477 3980 1602 4039 nostre
1633 3969 1847 4039 necessitate
1880 3989 1946 4056 pro
1981 3972 2087 4039 oertis

577 4111 697 4181 arduis
739 4110 841 4199 regni
881 4110 993 4177 nostri
1033 4108 1192 4197 negociis
1226 4109 1376 4177 oeierius
1413 4106 1662 4196 expediendis,
1703 4128 1746 4175 eo
1782 4109 1897 4177 eciem
1934 4110 2088 4196 qualiter

578 4250 804 4337 quamplures
831 4247 1005 4317 dictorum
1033 4245 1265 4332 burgensium
1292 4254 1330 4313 et
1362 4254 1599 4313 mmoetorum
1636 4264 1702 4331 per
1735 4244 2016 4315 locumtenentes
2048 4256 2087 4315 et
2195 4293 2199 4299 -

578 4384 760 4452 ministros
787 4382 978 4451 Admiralli
1007 4380 1119 4447 nostri
1147 4350 1289 4467 Anglio¹
1317 4389 1405 4449 ente
1439 4382 1506 4447 hec
1541 4390 1703 4467 tempora
1738 4380 1932 4451 existentes
1967 4384 2086 4471 sepius

579 4520 736 4609 grauiter
762 4520 883 4587 vexati
908 4529 945 4587 et
973 4518 1105 4586 turbati
1133 4517 1326 4586 extiterunt
1353 4516 1393 4584 in
1423 4516 1583 4604 ipsorum
1614 4518 1846 4604 burgensium
1882 4530 1919 4587 et
1954 4542 2088 4588 merce-

579 4668 694 4724 torum
723 4658 916 4742 dampnum
946 4675 1018 4722 non
1047 4654 1224 4722 modicum
1253 4663 1291 4721 et
1318 4672 1527 4741 greuemen,
1552 4654 1599 4720 de
1628 4654 1752 4741 grecie
1780 4664 1903 4723 nostre
1930 4658 2088 4745 speciali,

579 4816 626 4863 ex
654 4813 751 4862 mero
779 4804 879 4861 motu
907 4801 944 4861 et
979 4802 1077 4860 uerte
1109 4790 1264 4859 sciencia
1299 4791 1432 4860 nostris
1464 4789 1714 4870 ooncessimus,
1738 4797 1777 4856 et
1811 4810 1877 4879 pro
1911 4794 2017 4862 nobis
2051 4803 2089 4863 et

579 4930 767 5001 heredibus
810 4931 940 4999 nostris
976 4938 1147 5017 quantum
1179 4930 1218 4997 in
1262 4930 1366 4997 nobis
1402 4941 1458 4996 est
1493 4928 1718 4997 oonoedimus
1755 4946 1851 4995 nunc
1885 4928 2015 5013 Mejori
2051 4938 2089 4998 et

580 5066 834 5138 communitati
871 5066 956 5133 ville
999 5067 1168 5154 predicte,
1213 5085 1335 5133 eorum
1379 5064 1568 5133 heredibus
1615 5079 1652 5132 et
1694 5064 1955 5136 successoribus
1999 5067 2085 5149 suis,
